
@book{thorntonClassicalDynamicsParticles2004,
  title = {Classical Dynamics of Particles and Systems},
  author = {Thornton, Stephen T. and Marion, Jerry B.},
  year = {2004},
  edition = {5th ed},
  publisher = {{Brooks/Cole}},
  address = {{Belmont, CA}},
  isbn = {978-0-534-40896-1},
  keywords = {Dynamics},
  lccn = {QA845 .T45 2004}
}

@misc{whiteheadGraduateHandbookPenn2014,
  title = {Graduate {{Handbook}} for {{Penn State}}'s {{Department}} of {{Physics}}},
  author = {Whitehead, Jamie Lynne},
  year = {2014},
  month = aug,
  publisher = {{Pennsylvania State University}},
  file = {/Users/jim/Zotero/storage/5LM67JTF/Whitehead - GRADUATE HANDBOOK.pdf},
  language = {en}
}


